{
  "leader": "04253cam a2200481 i 4500",
  "fields": [
    {
      "001": "ocm02317521\\"
    },
    {
      "003": "OCoLC"
    },
    {
      "005": "20220104105615.0"
    },
    {
      "008": "760607s1976\\\\\\\\nyua\\\\\\\\\\b\\\\\\\\001\\0\\eng\\\\"
    },
    {
      "010": {
        "ind1": "\\",
        "ind2": "\\",
        "subfields": [
          {
            "a": "   75038116 "
          }
        ]
      }
    },
    {
      "040": {
        "ind1": "\\",
        "ind2": "\\",
        "subfields": [
          {
            "a": "DLC"
          },
          {
            "b": "eng"
          },
          {
            "c": "DLC"
          },
          {
            "d": "EL{dollar}"
          },
          {
            "d": "MUQ"
          },
          {
            "d": "NLGGC"
          },
          {
            "d": "BTCTA"
          },
          {
            "d": "OCLCG"
          },
          {
            "d": "AU@"
          },
          {
            "d": "DEBBG"
          },
          {
            "d": "OCLCO"
          },
          {
            "d": "OCLCA"
          },
          {
            "d": "OCLCF"
          },
          {
            "d": "OCLCQ"
          },
          {
            "d": "OCLCO"
          },
          {
            "d": "OCLCQ"
          },
          {
            "d": "NLC"
          },
          {
            "d": "CSJ"
          },
          {
            "d": "OCLCO"
          },
          {
            "d": "DHA"
          },
          {
            "d": "OCLCQ"
          },
          {
            "d": "CNSLL"
          },
          {
            "d": "OCLCQ"
          },
          {
            "d": "CNO"
          },
          {
            "d": "OCLCQ"
          },
          {
            "d": "OCLCA"
          },
          {
            "d": "OCLCQ"
          },
          {
            "d": "DCHUA"
          },
          {
            "d": "TXI"
          },
          {
            "d": "OCLCQ"
          },
          {
            "d": "OCLCA"
          },
          {
            "d": "L2U"
          },
          {
            "d": "ZHC"
          },
          {
            "d": "IL4J6"
          },
          {
            "d": "OCLCO"
          },
          {
            "d": "OCLCQ"
          },
          {
            "d": "OCLCO"
          }
        ]
      }
    },
    {
      "016": {
        "ind1": "\\",
        "ind2": "\\",
        "subfields": [
          {
            "a": "(AMICUS)000000621486"
          }
        ]
      }
    },
    {
      "019": {
        "ind1": "\\",
        "ind2": "\\",
        "subfields": [
          {
            "a": "1166403963"
          },
          {
            "a": "1166459332"
          },
          {
            "a": "1201923643"
          }
        ]
      }
    },
    {
      "020": {
        "ind1": "\\",
        "ind2": "\\",
        "subfields": [
          {
            "a": "0394494709"
          }
        ]
      }
    },
    {
      "020": {
        "ind1": "\\",
        "ind2": "\\",
        "subfields": [
          {
            "a": "9780394494708"
          }
        ]
      }
    },
    {
      "035": {
        "ind1": "\\",
        "ind2": "\\",
        "subfields": [
          {
            "a": "(OCoLC)2317521"
          },
          {
            "z": "(OCoLC)1166403963"
          },
          {
            "z": "(OCoLC)1166459332"
          },
          {
            "z": "(OCoLC)1201923643"
          }
        ]
      }
    },
    {
      "043": {
        "ind1": "\\",
        "ind2": "\\",
        "subfields": [
          {
            "a": "n-us---"
          }
        ]
      }
    },
    {
      "050": {
        "ind1": "0",
        "ind2": "0",
        "subfields": [
          {
            "a": "HD9560.6"
          },
          {
            "b": ".B55"
          }
        ]
      }
    },
    {
      "055": {
        "ind1": "\\",
        "ind2": "0",
        "subfields": [
          {
            "a": "HD9560.6"
          },
          {
            "b": ".B55"
          }
        ]
      }
    },
    {
      "082": {
        "ind1": "0",
        "ind2": "4",
        "subfields": [
          {
            "a": "338.27282"
          },
          {
            "b": "BLA"
          }
        ]
      }
    },
    {
      "100": {
        "ind1": "1",
        "ind2": "\\",
        "subfields": [
          {
            "a": "Blair, John M."
          },
          {
            "q": "(John Malcolm),"
          },
          {
            "d": "1914-"
          }
        ]
      }
    },
    {
      "245": {
        "ind1": "1",
        "ind2": "4",
        "subfields": [
          {
            "a": "The control of oil /"
          },
          {
            "c": "John M. Blair."
          }
        ]
      }
    },
    {
      "250": {
        "ind1": "\\",
        "ind2": "\\",
        "subfields": [
          {
            "a": "1st ed."
          }
        ]
      }
    },
    {
      "260": {
        "ind1": "\\",
        "ind2": "\\",
        "subfields": [
          {
            "a": "New York :"
          },
          {
            "b": "Pantheon Books,"
          },
          {
            "c": "\u00a91976."
          }
        ]
      }
    },
    {
      "300": {
        "ind1": "\\",
        "ind2": "\\",
        "subfields": [
          {
            "a": "xxii, 441 pages :"
          },
          {
            "b": "illustrations ;"
          },
          {
            "c": "25 cm"
          }
        ]
      }
    },
    {
      "336": {
        "ind1": "\\",
        "ind2": "\\",
        "subfields": [
          {
            "a": "text"
          },
          {
            "b": "txt"
          },
          {
            "2": "rdacontent"
          }
        ]
      }
    },
    {
      "337": {
        "ind1": "\\",
        "ind2": "\\",
        "subfields": [
          {
            "a": "unmediated"
          },
          {
            "b": "n"
          },
          {
            "2": "rdamedia"
          }
        ]
      }
    },
    {
      "338": {
        "ind1": "\\",
        "ind2": "\\",
        "subfields": [
          {
            "a": "volume"
          },
          {
            "b": "nc"
          },
          {
            "2": "rdacarrier"
          }
        ]
      }
    },
    {
      "504": {
        "ind1": "\\",
        "ind2": "\\",
        "subfields": [
          {
            "a": "Includes list of charts, list of tables, bibliographical references and chapter notes (pages 401-427) and index."
          }
        ]
      }
    },
    {
      "505": {
        "ind1": "0",
        "ind2": "0",
        "subfields": [
          {
            "t": "The energy crisis --"
          },
          {
            "g": "Part one."
          },
          {
            "t": "The control of foreign oil ;"
          },
          {
            "t": "The evolution of control : supply --"
          },
          {
            "t": "The evolution of control : marketing --"
          },
          {
            "t": "The exclusion of outsiders --"
          },
          {
            "t": "The international control mechanism --"
          },
          {
            "g": "Part two."
          },
          {
            "t": "The control of domestic oil ;"
          },
          {
            "t": "Concentration in domestic oil --"
          },
          {
            "t": "The domestic control mechanism --"
          },
          {
            "t": "Preferential taxation --"
          },
          {
            "g": "Part three."
          },
          {
            "t": "Erosion and explosion ;"
          },
          {
            "t": "The evisceration of the Libyan independents --"
          },
          {
            "t": "The crippling of the private branders --"
          },
          {
            "t": "The price explosion --"
          },
          {
            "t": "The curtailment of output --"
          },
          {
            "t": "Profit centers and target returns --"
          },
          {
            "g": "Part four."
          },
          {
            "t": "Public policy ;"
          },
          {
            "t": "The technological potential --"
          },
          {
            "t": "The remedies at law : the regulatory approach --"
          },
          {
            "t": "The remedies at law : the competitive approach --"
          },
          {
            "t": "An action program."
          }
        ]
      }
    },
    {
      "520": {
        "ind1": "\\",
        "ind2": "\\",
        "subfields": [
          {
            "a": "An exhaustive and generally balanced account of why the US and other industrial powers became dangerously dependent on foreign oil. A college professor who served thirteen years as chief economist of the Senate Subcommittee on Antitrust and Monopoly, Blair chronicles how seven major international petroleum producers--integrated from well to gas pump--began operating in restraint of trade with the usually eager complicity of Mideast rulers around the turn of the century \"to avoid the rigors of price rivalry.\" Even as control of concessions passes to host nations through nationalization or pre-emptive participation agreements, he maintains, Big Oil retains its hold. Although crude quotas have quadrupled since 1973, OPEC still dances to the majors' tune in fear that oversupply could break prices in the West's volume markets. Having documented both the causes and consequences of monopolistic control of oil resources, Blair suggests several remedies, chiefly utility-style federal regulation of large crude suppliers and vigorous enforcement of antitrust statutes. The book touches on petroleum alternatives as well as supplements (synthetics, electric cars, fuel cells). While Blair's style must be characterized as academic-graceless, he provides damning detail for the upcoming debate on the extent to which oil-industry concentration represents an abuse of economic power overdue for redress. His work is as important and valuable as it is disturbing."
          }
        ]
      }
    },
    {
      "530": {
        "ind1": "\\",
        "ind2": "\\",
        "subfields": [
          {
            "a": "Also issued online."
          }
        ]
      }
    },
    {
      "650": {
        "ind1": "\\",
        "ind2": "0",
        "subfields": [
          {
            "a": "Petroleum industry and trade."
          }
        ]
      }
    },
    {
      "650": {
        "ind1": "\\",
        "ind2": "0",
        "subfields": [
          {
            "a": "Petroleum industry and trade"
          },
          {
            "z": "United States."
          }
        ]
      }
    },
    {
      "650": {
        "ind1": "\\",
        "ind2": "0",
        "subfields": [
          {
            "a": "Energy policy"
          },
          {
            "z": "United States."
          }
        ]
      }
    },
    {
      "650": {
        "ind1": "\\",
        "ind2": "7",
        "subfields": [
          {
            "a": "Energy policy."
          },
          {
            "2": "fast"
          },
          {
            "0": "(OCoLC)fst00910200"
          }
        ]
      }
    },
    {
      "650": {
        "ind1": "\\",
        "ind2": "7",
        "subfields": [
          {
            "a": "Petroleum industry and trade."
          },
          {
            "2": "fast"
          },
          {
            "0": "(OCoLC)fst01059546"
          }
        ]
      }
    },
    {
      "651": {
        "ind1": "\\",
        "ind2": "7",
        "subfields": [
          {
            "a": "United States."
          },
          {
            "2": "fast"
          },
          {
            "0": "(OCoLC)fst01204155"
          }
        ]
      }
    },
    {
      "776": {
        "ind1": "0",
        "ind2": "8",
        "subfields": [
          {
            "i": "Online version:"
          },
          {
            "a": "Blair, John Malcolm, 1914-"
          },
          {
            "t": "Control of oil."
          },
          {
            "b": "1st ed."
          },
          {
            "d": "New York : Pantheon Books, \u00a91976"
          },
          {
            "w": "(OCoLC)567834543"
          }
        ]
      }
    },
    {
      "856": {
        "ind1": "4",
        "ind2": "2",
        "subfields": [
          {
            "3": "French equivalent / E\u0301quivalent franc\u0327ais"
          },
          {
            "u": "https://bac-lac.on.worldcat.org/oclc/422717328"
          }
        ]
      }
    },
    {
      "994": {
        "ind1": "\\",
        "ind2": "\\",
        "subfields": [
          {
            "a": "Z0"
          },
          {
            "b": "NYRVC"
          }
        ]
      }
    },
    {
      "948": {
        "ind1": "\\",
        "ind2": "\\",
        "subfields": [
          {
            "h": "NO HOLDINGS IN NYRVC - 1313 OTHER HOLDINGS"
          }
        ]
      }
    },
    {
      "999": {
        "ind1": "\\",
        "ind2": "\\",
        "subfields": [
          {
            "a": "00000000015686"
          }
        ]
      }
    }
  ]
}